<record><leader>00000cas a22000007a 4500</leader><controlfield tag="001">36576558</controlfield><controlfield tag="008">970319d18821883tnuwr ne      0    0eng d</controlfield><datafield ind1=" " ind2=" " tag="010"><subfield code="a">sn 97065174 </subfield></datafield><datafield ind1=" " ind2=" " tag="040"><subfield code="a">TGN</subfield><subfield code="b">eng</subfield><subfield code="c">TGN</subfield><subfield code="d">OCLCQ</subfield><subfield code="d">OCLCF</subfield><subfield code="d">OCLCO</subfield><subfield code="d">TGN</subfield></datafield><datafield ind1=" " ind2=" " tag="042"><subfield code="a">msc</subfield></datafield><datafield ind1=" " ind2=" " tag="043"><subfield code="a">n-us-tn</subfield></datafield><datafield ind1="0" ind2="0" tag="245"><subfield code="a">Dandridge weekly Republican banner.</subfield></datafield><datafield ind1="1" ind2=" " tag="246"><subfield code="i">Colophone title:</subfield><subfield code="a">Republican banner</subfield></datafield><datafield ind1=" " ind2=" " tag="260"><subfield code="a">Dandridge, Tenn. :</subfield><subfield code="b">Alexander Eckel,</subfield><subfield code="c">1882-1883.</subfield></datafield><datafield ind1=" " ind2=" " tag="300"><subfield code="a">v. ;</subfield><subfield code="c">60 cm.</subfield></datafield><datafield ind1=" " ind2=" " tag="310"><subfield code="a">Weekly</subfield></datafield><datafield ind1="0" ind2=" " tag="362"><subfield code="a">Vol. 1, no. 1 (Apr. 19, 1882)-v. 1, no. 40 (Feb. 28, 1883).</subfield></datafield><datafield ind1=" " ind2="0" tag="651"><subfield code="a">Dandridge (Tenn.)</subfield><subfield code="v">Newspapers.</subfield></datafield><datafield ind1=" " ind2="0" tag="651"><subfield code="a">Jefferson County (Tenn.)</subfield><subfield code="v">Newspapers.</subfield></datafield><datafield ind1=" " ind2="7" tag="651"><subfield code="a">Tennessee</subfield><subfield code="z">Dandridge.</subfield><subfield code="2">fast</subfield><subfield code="0">(OCoLC)fst01220866</subfield></datafield><datafield ind1=" " ind2="7" tag="651"><subfield code="a">Tennessee</subfield><subfield code="z">Jefferson County.</subfield><subfield code="2">fast</subfield><subfield code="0">(OCoLC)fst01219228</subfield></datafield><datafield ind1=" " ind2="7" tag="655"><subfield code="a">Newspapers.</subfield><subfield code="2">fast</subfield><subfield code="0">(OCoLC)fst01423814</subfield></datafield><datafield ind1=" " ind2=" " tag="752"><subfield code="a">United States</subfield><subfield code="b">Tennessee</subfield><subfield code="c">Jefferson</subfield><subfield code="d">Dandridge.</subfield></datafield><datafield ind1="0" ind2="0" tag="785"><subfield code="t">Republican banner (Dandridge, Tenn.)</subfield><subfield code="w">(DLC)sn 89058380</subfield></datafield><datafield ind1="1" ind2=" " tag="029"><subfield code="a">AU@</subfield><subfield code="b">000013137041</subfield></datafield></record>